\begin{filecontents*}{test.bib}
@article{foo2010,
  author = {Katharine Turner and Sayan Mukherjee and Doug M. Boyer},
   journal = "Information and Inference: A Journal of the IMA",
  year = "2014",
  title = "Persistent Homology Transform for Modelling Shapes and Surfaces",
  doi = {10.1093/imaiai/iau011},
  volume = "3",
  pages = "310-344",
}
\end{filecontents*}

